@online{elinux,
  title = {RPi Hardware},
  url = {http://elinux.org/RPi_Hardware}
}
@online{rpicomp,
  title = {Raspberry Pi and the MK802 a Side-by-Side Comparison},
  url = {http://complete-concrete-concise.com/blog/raspberry-pi-and-the-mk802-a-side-by-side-comparison}
}
@online{github,
  title = {CSE 221 Project Source Code},
  url = {https://github.com/dlisuk/cse221_project}
}
@online{infosheet,
  title = {BCM2835 Infosheet},
  url = {http://www.raspberrypi.org/wp-content/uploads/2012/02/BCM2835-ARM-Peripherals.pdf}
}

@online{meanvar,
  title = {Algorithms for Calculating Variance},
  url = {http://en.wikipedia.org/wiki/Algorithms_for_calculating_variance}
}

@online{sdcard,
	title = {Tom's Hardware},
	url={http://www.tomshardware.com/reviews/sdxc-sdhc-uhs-i,2940-9.html}
}

@online{sdcard_2,
	title = {Sd Card Benchmarks},
	url={http://www.raspberrypi.org/forums/viewtopic.php?f=2&t=4076}
}

@online{sand,
	title = {Performance Counter Kernel Module},
	url = {http://sandsoftwaresound.net/raspberry-pi/performance-counter-kernel-module/}
	}
@online{sandmem,
	title = {Memory Hierarchy and Access},
	url = {http://sandsoftwaresound.net/raspberry-pi/memory-hierarchy/}
	}	
	